
@Article{Li2016,
  author = 	{Li, C. and Zhu, J. and Zhang, B.},
  title = 	 "Learning to Generate with Memory",
  year =	 "2016",
  ee        = {https://arxiv.org/abs/1602.07416}
}

@Article{Gregor2015,
  author = 	 {Gregor, K.l and Danihelka, I. and Graves, A. and Rezende, D. J. and Wierstra, D.},
  title = 	 {DRAW: A Recurrent Neural Network For Image Generation},
  year =	 {2015},
  ee        = {https://arxiv.org/abs/1502.04623}
}

@Article{Theis2016,
  author = 	 {Theis, L. and van den Oord, A. and Bethge, M.},
  title = 	 {A note on the evaluation of generative models},
  year =	 {2016},
  ee        = {https://arxiv.org/abs/1511.01844}
}

@Article{Makhzani2016,
  author = 	 {Makhzani, A. and Shlens, J. and Jaitly, N. and Goodfellow, I. and Frey, B.},
  title = 	 {Adversarial Autoencoders},
  year =	 {2016},
  ee        = {https://arxiv.org/abs/1511.05644}
}

@Article{Denton2015,
  author = 	 {Denton, E. and Chintala, S. and Szlam, A. and Fergus, R.},
  title = 	 {Deep Generative Image Models using a Laplacian Pyramid of Adversarial Networks},
  year =	 {2015},
  ee        = {https://arxiv.org/abs/1506.05751}
}

@Article{Radford2015,
  author = 	 {Radford, A. and Metz, L. and Chintala, S.},
  title = 	 {Unsupervised Representation Learning with Deep Convolutional Generative Adversarial Networks},
  year =	 {2015},
  ee        = {https://arxiv.org/abs/1511.06434}
}

@Article{Doersch2016,
  author = 	 {Doersch, C.},
  title = 	 {Tutorial on Variational Autoencoders},
  year =	 {2016},
  ee        = {https://arxiv.org/abs/1606.05908}
}

@Article{Sønderby2016,
  author = 	 {Sønderby, C. K. and Raiko, T. and Maaløe, L. and Sønderby, S. K. and Winther, O.},
  title = 	 {Ladder Variational Autoencoders},
  year =	 {2016},
  ee        = {https://arxiv.org/abs/1602.02282}
}

@Article{Mirza2016,
  author = 	 {Mirza, M and Osindero, S.},
  title = 	 {Conditional Generative Adversarial Nets},
  year =	 {2014},
  ee        = {https://arxiv.org/abs/1411.1784}
}

@Article{Goodfellow2014,
  author = 	 {Goodfellow, I. and Pouget-Abadie, J. and Mirza, M. and Xu, B. and Warde-Farley, D. and Ozair, S. and Courville, A. and Bengio, Y.},
  title = 	 {Generative Adversarial Networks},
  year =	 {2014},
  ee        = {https://arxiv.org/abs/1406.2661}
}

@Article{Salimans2016,
  author = 	 {Salimans, T. and Goodfellow, I. and Wojciech, Z. and Cheung, V. and Radford, A. and Chen, X.},
  title = 	 {Improved Techniques for Training GANs},
  year =	 {2016},
  ee        = {https://arxiv.org/abs/1606.03498}
}
@Article{Donahue2016,
  author = 	 {Donahue, J. and Darrell, T. and Krahenbuhl, P.},
  title = 	 {Adversarial Feature Learning},
  year =	 {2016},
  ee        = {https://arxiv.org/pdf/1605.09782.pdf}
}
@Article{Im2016,
  author = 	 {Im, D. J. and Kim, C. D. and Jiang, H. and Memisevic, R.},
  title = 	 {Generating images with recurrent adversarial networks},
  year =	 {2016},
  ee        = {https://arxiv.org/abs/1602.05110}
}

@article{DBLP:journals/corr/MetzPPS16,
  author    = {Luke Metz and
               Ben Poole and
               David Pfau and
               Jascha Sohl{-}Dickstein},
  title     = {Unrolled Generative Adversarial Networks},
  journal   = {CoRR},
  volume    = {abs/1611.02163},
  year      = {2016},
  url       = {http://arxiv.org/abs/1611.02163},
  timestamp = {Thu, 01 Dec 2016 19:32:08 +0100},
  biburl    = {http://dblp.uni-trier.de/rec/bib/journals/corr/MetzPPS16},
  bibsource = {dblp computer science bibliography, http://dblp.org}
}